@ARTICLE{Adibekyan2015,
   author = {{Adibekyan}, V.~Z. and {Benamati}, L. and {Santos}, N.~C. and
    {Alves}, S. and {Lovis}, C. and {Udry}, S. and {Israelian}, G. and
    {Sousa}, S.~G. and {Tsantaki}, M. and {Mortier}, A. and {Sozzetti}, A. and
    {De Medeiros}, J.~R.},
    title = "{Chemical abundances and kinematics of 257 G-, K-type field giants.
              Setting a base for further analysis of giant-planet properties
              orbiting evolved stars}",
  journal = {\mnras},
archivePrefix = "arXiv",
   eprint = {1503.08346},
 primaryClass = "astro-ph.SR",
 keywords = {methods: observational, techniques: spectroscopic, stars: abundances, planetary systems},
     year = 2015,
    month = jun,
   volume = 450,
    pages = {1900-1915},
      doi = {10.1093/mnras/stv716},
   adsurl = {http://adsabs.harvard.edu/abs/2015MNRAS.450.1900A},
  adsnote = {Provided by the SAO/NASA Astrophysics Data System}
}

@ARTICLE{Ammler2009,
   author = {{Ammler-von Eiff}, M. and {Santos}, N.~C. and {Sousa}, S.~G. and
    {Fernandes}, J. and {Guillot}, T. and {Israelian}, G. and {Mayor}, M. and
    {Melo}, C.},
    title = "{A homogeneous spectroscopic analysis of host stars of transiting planets}",
  journal = {\aap},
archivePrefix = "arXiv",
   eprint = {0909.0285},
 primaryClass = "astro-ph.SR",
 keywords = {stars: fundamental parameters, planetary systems, stars: abundances, stars: statistics},
     year = 2009,
    month = nov,
   volume = 507,
    pages = {523-530},
      doi = {10.1051/0004-6361/200912360},
   adsurl = {http://adsabs.harvard.edu/abs/2009A%26A...507..523A},
  adsnote = {Provided by the SAO/NASA Astrophysics Data System}
}

@ARTICLE{Andreasen2016,
   author = {{Andreasen}, D.~T. and {Sousa}, S.~G. and {Delgado Mena}, E. and
    {Santos}, N.~C. and {Tsantaki}, M. and {Rojas-Ayala}, B. and
    {Neves}, V.},
    title = "{Near-infrared spectroscopy of the Sun and HD 20010. Compiling a new line list in the near-infrared}",
  journal = {\aap},
archivePrefix = "arXiv",
   eprint = {1510.08273},
 primaryClass = "astro-ph.SR",
 keywords = {Sun: atmosphere, stars: solar-type, techniques: spectroscopic, stars: fundamental parameters, stars: individual: HD 20010},
     year = 2016,
    month = jan,
   volume = 585,
      eid = {A143},
    pages = {A143},
      doi = {10.1051/0004-6361/201527308},
   adsurl = {http://adsabs.harvard.edu/abs/2016A%26A...585A.143A},
  adsnote = {Provided by the SAO/NASA Astrophysics Data System}
}

@ARTICLE{Balachandran1990,
   author = {{Balachandran}, S.},
    title = "{Lithium depletion and rotation in main-sequence stars}",
  journal = {\apj},
 keywords = {Abundance, F Stars, Lithium, Main Sequence Stars, Stellar Rotation,
             Hertzsprung-Russell Diagram, Metallicity, Spectral Line Width,
             Stellar Atmospheres, Stellar Envelopes, Stellar Temperature},
     year = 1990,
    month = may,
   volume = 354,
    pages = {310-332},
      doi = {10.1086/168691},
   adsurl = {http://cdsads.u-strasbg.fr/abs/1990ApJ...354..310B},
  adsnote = {Provided by the SAO/NASA Astrophysics Data System}
}

@ARTICLE{Baraffe2015,
   author = {{Baraffe}, I. and {Homeier}, D. and {Allard}, F. and {Chabrier}, G.
    },
    title = "{New evolutionary models for pre-main sequence and main sequence low-mass stars down to the hydrogen-burning limit}",
  journal = {\aap},
archivePrefix = "arXiv",
   eprint = {1503.04107},
 primaryClass = "astro-ph.SR",
 keywords = {stars: evolution, stars: low-mass, stars: pre-main sequence, Hertzsprung-Russell and C-M diagrams, convection},
     year = 2015,
    month = may,
   volume = 577,
      eid = {A42},
    pages = {A42},
      doi = {10.1051/0004-6361/201425481},
   adsurl = {http://adsabs.harvard.edu/abs/2015A%26A...577A..42B},
  adsnote = {Provided by the SAO/NASA Astrophysics Data System}
}

@ARTICLE{Bensby2014,
   author = {{Bensby}, T. and {Feltzing}, S. and {Oey}, M.~S.},
    title = "{Exploring the Milky Way stellar disk. A detailed elemental abundance study of 714 F and G dwarf stars in the solar neighbourhood}",
  journal = {\aap},
archivePrefix = "arXiv",
   eprint = {1309.2631},
 keywords = {Galaxy: disk, Galaxy: formation, Galaxy: evolution, stars: abundances, stars: fundamental parameters, stars: kinematics and dynamics},
     year = 2014,
    month = feb,
   volume = 562,
      eid = {A71},
    pages = {A71},
      doi = {10.1051/0004-6361/201322631},
   adsurl = {http://adsabs.harvard.edu/abs/2014A%26A...562A..71B},
  adsnote = {Provided by the SAO/NASA Astrophysics Data System}
}

@ARTICLE{Bertaux2014,
   author = {{Bertaux}, J.~L. and {Lallement}, R. and {Ferron}, S. and {Boonne}, C. and
    {Bodichon}, R.},
    title = "{TAPAS, a web-based service of atmospheric transmission computation for astronomy}",
  journal = {\aap},
archivePrefix = "arXiv",
   eprint = {1311.4169},
 primaryClass = "astro-ph.IM",
 keywords = {atmospheric effects, techniques: spectroscopic},
     year = 2014,
    month = apr,
   volume = 564,
      eid = {A46},
    pages = {A46},
      doi = {10.1051/0004-6361/201322383},
   adsurl = {http://adsabs.harvard.edu/abs/2014A%26A...564A..46B},
  adsnote = {Provided by the SAO/NASA Astrophysics Data System}
}

@ARTICLE{Blackwell1977,
   author = {{Blackwell}, D.~E. and {Shallis}, M.~J.},
    title = "{Stellar angular diameters from infrared photometry - Application to Arcturus and other stars; with effective temperatures}",
  journal = {\mnras},
 keywords = {Astronomical Photometry, Giant Stars, Infrared Astronomy, Infrared
             Photometry, Stellar Spectrophotometry, Stellar Temperature,
             Angular Resolution, Diameters, Early Stars, Interferometry, K Stars, Luminous Intensity},
     year = 1977,
    month = jul,
   volume = 180,
    pages = {177-191},
   adsurl = {http://adsabs.harvard.edu/abs/1977MNRAS.180..177B},
  adsnote = {Provided by the SAO/NASA Astrophysics Data System}
}

@MISC{Blanco2014,
   author = {{Blanco-Cuaresma}, S. and {Soubiran}, C. and {Heiter}, U. and
    {Jofr{\'e}}, P.},
    title = "{iSpec: Stellar atmospheric parameters and chemical abundances}",
howpublished = {Astrophysics Source Code Library},
     year = 2014,
    month = sep,
archivePrefix = "ascl",
   eprint = {1409.006},
   adsurl = {http://adsabs.harvard.edu/abs/2014ascl.soft09006B},
  adsnote = {Provided by the SAO/NASA Astrophysics Data System}
}

@ARTICLE{Bonfils2013,
    author = {{Bonfils}, X. and {Delfosse}, X. and {Udry}, S. and {Forveille}, T. and
    {Mayor}, M. and {Perrier}, C. and {Bouchy}, F. and {Gillon}, M. and
    {Lovis}, C. and {Pepe}, F. and {Queloz}, D. and {Santos}, N.~C. and
    {S{\'e}gransan}, D. and {Bertaux}, J.-L.},
    title = "{The HARPS search for southern extra-solar planets. XXXI. The M-dwarf sample}",
    journal = {\aap},
    archivePrefix = "arXiv",
    eprint = {1111.5019},
    primaryClass = "astro-ph.EP",
    keywords = {planetary systems, techniques: radial velocities, methods: data analysis},
    year = 2013,
    month = jan,
    volume = 549,
    eid = {A109},
    pages = {A109},
    doi = {10.1051/0004-6361/201014704},
    adsurl = {http://adsabs.harvard.edu/abs/2013A%26A...549A.109B},
    adsnote = {Provided by the SAO/NASA Astrophysics Data System}
}

@ARTICLE{Boyajian2012,
   author = {{Boyajian}, T.~S. and {von Braun}, K. and {van Belle}, G. and
    {McAlister}, H.~A. and {ten Brummelaar}, T.~A. and {Kane}, S.~R. and
    {Muirhead}, P.~S. and {Jones}, J. and {White}, R. and {Schaefer}, G. and
    {Ciardi}, D. and {Henry}, T. and {L{\'o}pez-Morales}, M. and
    {Ridgway}, S. and {Gies}, D. and {Jao}, W.-C. and {Rojas-Ayala}, B. and
    {Parks}, J.~R. and {Sturmann}, L. and {Sturmann}, J. and {Turner}, N.~H. and
    {Farrington}, C. and {Goldfinger}, P.~J. and {Berger}, D.~H.
    },
    title = "{Stellar Diameters and Temperatures. II. Main-sequence K- and M-stars}",
  journal = {\apj},
archivePrefix = "arXiv",
   eprint = {1208.2431},
 primaryClass = "astro-ph.SR",
 keywords = {Hertzsprung-Russell and C-M diagrams, infrared: stars, planetary
             systems, stars: atmospheres, stars: fundamental parameters, stars:
             general, stars: late-type, stars: low-mass, techniques:
             high angular resolution, techniques: interferometric},
     year = 2012,
    month = oct,
   volume = 757,
      eid = {112},
    pages = {112},
      doi = {10.1088/0004-637X/757/2/112},
   adsurl = {http://adsabs.harvard.edu/abs/2012ApJ...757..112B},
  adsnote = {Provided by the SAO/NASA Astrophysics Data System}
}

@ARTICLE{Campante2015,
   author = {{Campante}, T.~L. and {Barclay}, T. and {Swift}, J.~J. and {Huber}, D. and
    {Adibekyan}, V.~Z. and {Cochran}, W. and {Burke}, C.~J. and
    {Isaacson}, H. and {Quintana}, E.~V. and {Davies}, G.~R. and
    {Silva Aguirre}, V. and {Ragozzine}, D. and {Riddle}, R. and
    {Baranec}, C. and {Basu}, S. and {Chaplin}, W.~J. and {Christensen-Dalsgaard}, J. and
    {Metcalfe}, T.~S. and {Bedding}, T.~R. and {Handberg}, R. and
    {Stello}, D. and {Brewer}, J.~M. and {Hekker}, S. and {Karoff}, C. and
    {Kolbl}, R. and {Law}, N.~M. and {Lundkvist}, M. and {Miglio}, A. and
    {Rowe}, J.~F. and {Santos}, N.~C. and {Van Laerhoven}, C. and
    {Arentoft}, T. and {Elsworth}, Y.~P. and {Fischer}, D.~A. and
    {Kawaler}, S.~D. and {Kjeldsen}, H. and {Lund}, M.~N. and {Marcy}, G.~W. and
    {Sousa}, S.~G. and {Sozzetti}, A. and {White}, T.~R.},
    title = "{An Ancient Extrasolar System with Five Sub-Earth-size Planets}",
  journal = {\apj},
archivePrefix = "arXiv",
   eprint = {1501.06227},
 primaryClass = "astro-ph.EP",
 keywords = {Galaxy: disk, planetary systems, stars: individual: HIP 94931, stars: late-type, stars: oscillations, techniques: photometric},
     year = 2015,
    month = feb,
   volume = 799,
      eid = {170},
    pages = {170},
      doi = {10.1088/0004-637X/799/2/170},
   adsurl = {http://adsabs.harvard.edu/abs/2015ApJ...799..170C},
  adsnote = {Provided by the SAO/NASA Astrophysics Data System}
}

@INPROCEEDINGS{CARMENES,
   author = {{Quirrenbach}, A. and {Amado}, P.~J. and {Caballero}, J.~A. and
    {Mundt}, R. and {Reiners}, A. and {Ribas}, I. and {Seifert}, W. and
    {Abril}, M. and {Aceituno}, J. and {Alonso-Floriano}, F.~J. and
    {Ammler-von Eiff}, M. and {Antona Jim{\'e}nez}, R. and {Anwand-Heerwart}, H. and
    {Azzaro}, M. and {Bauer}, F. and {Barrado}, D. and {Becerril}, S. and
    {B{\'e}jar}, V.~J.~S. and {Ben{\'{\i}}tez}, D. and {Berdi{\~n}as}, Z.~M. and
    {C{\'a}rdenas}, M.~C. and {Casal}, E. and {Claret}, A. and {Colom{\'e}}, J. and
    {Cort{\'e}s-Contreras}, M. and {Czesla}, S. and {Doellinger}, M. and
    {Dreizler}, S. and {Feiz}, C. and {Fern{\'a}ndez}, M. and {Galad{\'{\i}}}, D. and
    {G{\'a}lvez-Ortiz}, M.~C. and {Garc{\'{\i}}a-Piquer}, A. and
    {Garc{\'{\i}}a-Vargas}, M.~L. and {Garrido}, R. and {Gesa}, L. and
    {G{\'o}mez Galera}, V. and {Gonz{\'a}lez {\'A}lvarez}, E. and
    {Gonz{\'a}lez Hern{\'a}ndez}, J.~I. and {Gr{\"o}zinger}, U. and
    {Gu{\`a}rdia}, J. and {Guenther}, E.~W. and {de Guindos}, E. and
    {Guti{\'e}rrez-Soto}, J. and {Hagen}, H.-J. and {Hatzes}, A.~P. and
    {Hauschildt}, P.~H. and {Helmling}, J. and {Henning}, T. and
    {Hermann}, D. and {Hern{\'a}ndez Casta{\~n}o}, L. and {Herrero}, E. and
    {Hidalgo}, D. and {Holgado}, G. and {Huber}, A. and {Huber}, K.~F. and
    {Jeffers}, S. and {Joergens}, V. and {de Juan}, E. and {Kehr}, M. and
    {Klein}, R. and {K{\"u}rster}, M. and {Lamert}, A. and {Lalitha}, S. and
    {Laun}, W. and {Lemke}, U. and {Lenzen}, R. and {L{\'o}pez del Fresno}, M. and
    {L{\'o}pez Mart{\'{\i}}}, B. and {L{\'o}pez-Santiago}, J. and
    {Mall}, U. and {Mandel}, H. and {Mart{\'{\i}}n}, E.~L. and {Mart{\'{\i}}n-Ruiz}, S. and
    {Mart{\'{\i}}nez-Rodr{\'{\i}}guez}, H. and {Marvin}, C.~J. and
    {Mathar}, R.~J. and {Mirabet}, E. and {Montes}, D. and {Morales Mu{\~n}oz}, R. and
    {Moya}, A. and {Naranjo}, V. and {Ofir}, A. and {Oreiro}, R. and
    {Pall{\'e}}, E. and {Panduro}, J. and {Passegger}, V.-M. and
    {P{\'e}rez-Calpena}, A. and {P{\'e}rez Medialdea}, D. and {Perger}, M. and
    {Pluto}, M. and {Ram{\'o}n}, A. and {Rebolo}, R. and {Redondo}, P. and
    {Reffert}, S. and {Reinhardt}, S. and {Rhode}, P. and {Rix}, H.-W. and
    {Rodler}, F. and {Rodr{\'{\i}}guez}, E. and {Rodr{\'{\i}}guez-L{\'o}pez}, C. and
    {Rodr{\'{\i}}guez-P{\'e}rez}, E. and {Rohloff}, R.-R. and {Rosich}, A. and
    {S{\'a}nchez-Blanco}, E. and {S{\'a}nchez Carrasco}, M.~A. and
    {Sanz-Forcada}, J. and {Sarmiento}, L.~F. and {Sch{\"a}fer}, S. and
    {Schiller}, J. and {Schmidt}, C. and {Schmitt}, J.~H.~M.~M. and
    {Solano}, E. and {Stahl}, O. and {Storz}, C. and {St{\"u}rmer}, J. and
    {Su{\'a}rez}, J.~C. and {Ulbrich}, R.~G. and {Veredas}, G. and
    {Wagner}, K. and {Winkler}, J. and {Zapatero Osorio}, M.~R. and
    {Zechmeister}, M. and {Abell{\'a}n de Paco}, F.~J. and {Anglada-Escud{\'e}}, G. and
    {del Burgo}, C. and {Klutsch}, A. and {Lizon}, J.~L. and {L{\'o}pez-Morales}, M. and
    {Morales}, J.~C. and {Perryman}, M.~A.~C. and {Tulloch}, S.~M. and
    {Xu}, W.},
    title = "{CARMENES instrument overview}",
booktitle = {Society of Photo-Optical Instrumentation Engineers (SPIE) Conference Series},
     year = 2014,
   series = {Society of Photo-Optical Instrumentation Engineers (SPIE) Conference Series},
   volume = 9147,
    month = jul,
      eid = {91471F},
    pages = {1},
      doi = {10.1117/12.2056453},
   adsurl = {http://adsabs.harvard.edu/abs/2014SPIE.9147E..1FQ},
  adsnote = {Provided by the SAO/NASA Astrophysics Data System}
}

@INPROCEEDINGS{Caryel1988,
   author = {{Cayrel}, R.},
    title = "{Data Analysis}",
booktitle = {The Impact of Very High S/N Spectroscopy on Stellar Physics},
     year = 1988,
   series = {IAU Symposium},
   volume = 132,
   editor = {{Cayrel de Strobel}, G. and {Spite}, M.},
    pages = {345},
   adsurl = {http://adsabs.harvard.edu/abs/1988IAUS..132..345C},
  adsnote = {Provided by the SAO/NASA Astrophysics Data System}
}

@ARTICLE{Casagrande2010,
   author = {{Casagrande}, L. and {Ram{\'{\i}}rez}, I. and {Mel{\'e}ndez}, J. and
    {Bessell}, M. and {Asplund}, M.},
    title = "{An absolutely calibrated T$_{eff}$ scale from the infrared flux method. Dwarfs and subgiants}",
  journal = {\aap},
archivePrefix = "arXiv",
   eprint = {1001.3142},
 primaryClass = "astro-ph.SR",
 keywords = {stars: fundamental parameters, stars: abundances, stars: atmospheres, infrared: stars, techniques: photometric},
     year = 2010,
    month = mar,
   volume = 512,
      eid = {A54},
    pages = {A54},
      doi = {10.1051/0004-6361/200913204},
   adsurl = {http://adsabs.harvard.edu/abs/2010A%26A...512A..54C},
  adsnote = {Provided by the SAO/NASA Astrophysics Data System}
}

@INPROCEEDINGS{CRIRESp,
   author = {{Follert}, R. and {Dorn}, R.~J. and {Oliva}, E. and {Lizon}, J.~L. and
    {Hatzes}, A. and {Piskunov}, N. and {Reiners}, A. and {Seemann}, U. and
    {Stempels}, E. and {Heiter}, U. and {Marquart}, T. and {Lockhart}, M. and
    {Anglada-Escude}, G. and {L{\"o}winger}, T. and {Baade}, D. and
    {Grunhut}, J. and {Bristow}, P. and {Klein}, B. and {Jung}, Y. and
    {Ives}, D.~J. and {Kerber}, F. and {Pozna}, E. and {Paufique}, J. and
    {Kaeufl}, H.~U. and {Origlia}, L. and {Valenti}, E. and {Gojak}, D. and
    {Hilker}, M. and {Pasquini}, L. and {Smette}, A. and {Smoker}, J.
    },
    title = "{CRIRES+: a cross-dispersed high-resolution infrared spectrograph for the ESO VLT}",
booktitle = {Society of Photo-Optical Instrumentation Engineers (SPIE) Conference Series},
     year = 2014,
   series = {Society of Photo-Optical Instrumentation Engineers (SPIE) Conference Series},
   volume = 9147,
    month = jul,
      eid = {914719},
    pages = {19},
      doi = {10.1117/12.2054197},
   adsurl = {http://adsabs.harvard.edu/abs/2014SPIE.9147E..19F},
  adsnote = {Provided by the SAO/NASA Astrophysics Data System}
}

@ARTICLE{Dotter2008,
   author = {{Dotter}, A. and {Chaboyer}, B. and {Jevremovi{\'c}}, D. and
    {Kostov}, V. and {Baron}, E. and {Ferguson}, J.~W.},
    title = "{The Dartmouth Stellar Evolution Database}",
  journal = {\apjs},
archivePrefix = "arXiv",
   eprint = {0804.4473},
 keywords = {Galaxy: Globular Clusters: General, Galaxy: Open Clusters and Associations: General, Stars: Evolution},
     year = 2008,
    month = sep,
   volume = 178,
    pages = {89-101},
      doi = {10.1086/589654},
   adsurl = {http://adsabs.harvard.edu/abs/2008ApJS..178...89D},
  adsnote = {Provided by the SAO/NASA Astrophysics Data System}
}

@ARTICLE{Dressing2013,
    abstract = {We use the optical and near-infrared photometry from the Kepler
               Input Catalog to provide improved estimates of the stellar
               characteristics of the smallest stars in the Kepler target list.
               We find 3897 dwarfs with temperatures below 4000K, including 64
               planet candidate host stars orbited by 95 transiting planet
               candidates. We refit the transit events in the Kepler light
               curves for these planet candidates and combine the revised
               planet/star radius ratios with our improved stellar radii to
               revise the radii of the planet candidates orbiting the cool
               target stars. We then compare the number of observed planet
               candidates to the number of stars around which such planets
               could have been detected in order to estimate the planet
               occurrence rate around cool stars. We find that the occurrence
               rate of 0.5-4 Earth radius planets with orbital periods shorter
               than 50 days is 0.90 (+0.04/-0.03) planets per star. The
               occurrence rate of Earth-size (0.5-1.4 Earth radius) planets is
               constant across the temperature range of our sample at 0.51
               (+0.06/-0.05) Earth-size planets per star, but the occurrence of
               1.4-4 Earth radius planets decreases significantly at cooler
               temperatures. Our sample includes 2 Earth-size planet candidates
               in the habitable zone, allowing us to estimate that the mean
               number of Earth-size planets in the habitable zone is 0.15
               (+0.13/-0.06) planets per cool star. Our 95\% confidence lower
               limit on the occurrence rate of Earth-size planets in the
               habitable zones of cool stars is 0.04 planets per star. With
               95\% confidence, the nearest transiting Earth-size planet in the
               habitable zone of a cool star is within 21 pc. Moreover, the
               nearest non-transiting planet in the habitable zone is within
               5 pc with 95\% confidence.},
    archivePrefix = {arXiv},
    arxivId = {1302.1647},
    author = {Dressing, Courtney D. and Charbonneau, David},
    doi = {10.1088/0004-637X/767/1/95},
    eprint = {1302.1647},
    issn = {0004-637X},
    journal = {The Astrophysical Journal},
    pages = {95},
    title = {{THE OCCURRENCE RATE OF SMALL PLANETS AROUND SMALL STARS}},
    url = {http://labs.adsabs.harvard.edu/ui/abs/2013ApJ...767...95D},
    volume = {767},
    year = {2013}
}

@ARTICLE{Ducati2002,
   author = {{Ducati}, J.~R.},
    title = "{VizieR Online Data Catalog: Catalogue of Stellar Photometry in Johnson's 11-color system.}",
  journal = {VizieR Online Data Catalog},
 keywords = {Photometry: UBVRIJKLMNH},
     year = 2002,
   volume = 2237,
   adsurl = {http://cdsads.u-strasbg.fr/abs/2002yCat.2237....0D},
  adsnote = {Provided by the SAO/NASA Astrophysics Data System}
}

@INPROCEEDINGS{ESPADONS,
   author = {{Donati}, J.-F.},
    title = "{ESPaDOnS: An Echelle SpectroPolarimetric Device for the Observation of Stars at CFHT}",
booktitle = {Solar Polarization},
     year = 2003,
   series = {Astronomical Society of the Pacific Conference Series},
   volume = 307,
   editor = {{Trujillo-Bueno}, J. and {Sanchez Almeida}, J.},
    pages = {41},
   adsurl = {http://adsabs.harvard.edu/abs/2003ASPC..307...41D},
  adsnote = {Provided by the SAO/NASA Astrophysics Data System}
}

@ARTICLE{Favata1997,
   author = {{Favata}, F. and {Micela}, G. and {Sciortino}, S.},
    title = "{The [Fe/H] distribution of a volume limited sample of solar-type stars and its implications for galactic chemical evolution.}",
  journal = {\aap},
 keywords = {STARS: ABUNDANCES, STARS: LATE-TYPE, STARS: FORMATION, GALAXY: EVOLUTION},
     year = 1997,
    month = jul,
   volume = 323,
    pages = {809-818},
   adsurl = {http://cdsads.u-strasbg.fr/abs/1997A%26A...323..809F},
  adsnote = {Provided by the SAO/NASA Astrophysics Data System}
}

@INPROCEEDINGS{FIES,
   author = {{Frandsen}, S. and {Lindberg}, B.},
    title = "{FIES: A high resolution FIber fed Echelle Spectrograph for the NOT (poster)}",
booktitle = {Astrophysics with the NOT},
     year = 1999,
   editor = {{Karttunen}, H. and {Piirola}, V.},
    pages = {71},
   adsurl = {http://adsabs.harvard.edu/abs/1999anot.conf...71F},
  adsnote = {Provided by the SAO/NASA Astrophysics Data System}
}

@INPROCEEDINGS{GIANO,
   author = {{Origlia}, L. and {Oliva}, E. and {Baffa}, C. and {Falcini}, G. and
    {Giani}, E. and {Massi}, F. and {Montegriffo}, P. and {Sanna}, N. and
    {Scuderi}, S. and {Sozzi}, M. and {Tozzi}, A. and {Carleo}, I. and
    {Gratton}, R. and {Ghinassi}, F. and {Lodi}, M.},
    title = "{High resolution near IR spectroscopy with GIANO-TNG}",
booktitle = {Society of Photo-Optical Instrumentation Engineers (SPIE) Conference Series},
     year = 2014,
   series = {Society of Photo-Optical Instrumentation Engineers (SPIE) Conference Series},
   volume = 9147,
    month = jul,
      eid = {91471E},
    pages = {1},
      doi = {10.1117/12.2054743},
   adsurl = {http://adsabs.harvard.edu/abs/2014SPIE.9147E..1EO},
  adsnote = {Provided by the SAO/NASA Astrophysics Data System}
}

@ARTICLE{Girardi2000,
   author = {{Girardi}, L. and {Bressan}, A. and {Bertelli}, G. and {Chiosi}, C.
        },
    title = "{Evolutionary tracks and isochrones for low- and intermediate-mass stars: From 0.15 to 7 M$_{sun}$, and from Z=0.0004 to 0.03}",
  journal = {\aaps},
   eprint = {astro-ph/9910164},
 keywords = {STARS: EVOLUTION, STARS: INTERIORS, STARS: HERTZSPRUNG-RUSSELL (HR) DIAGRAM, STARS: LOW-MASS},
     year = 2000,
    month = feb,
   volume = 141,
    pages = {371-383},
      doi = {10.1051/aas:2000126},
   adsurl = {http://adsabs.harvard.edu/abs/2000A%26AS..141..371G},
  adsnote = {Provided by the SAO/NASA Astrophysics Data System}
}

@ARTICLE{Gonzalez1998,
   author = {{Gonzalez}, G. and {Vanture}, A.~D.},
    title = "{Parent stars of extrasolar planets III: rho\^{}1 CANCRI Revisited}",
  journal = {\aap},
 keywords = {STARS: ABUNDANCES, PLANETARY SYSTEMS},
     year = 1998,
    month = nov,
   volume = 339,
    pages = {L29-L32},
   adsurl = {http://adsabs.harvard.edu/abs/1998A%26A...339L..29G},
  adsnote = {Provided by the SAO/NASA Astrophysics Data System}
}

@ARTICLE{Gonzalez2000,
    author = {{Gonzalez}, G. and {Laws}, C.},
    title = "{Parent Stars of Extrasolar Planets. V. HD 75289}",
    journal = {\aj},
    eprint = {astro-ph/9909453},
    keywords = {STARS: PLANETARY SYSTEMS, STARS: INDIVIDUAL: HENRY DRAPER NUMBER: HD 75289},
    year = 2000,
    month = jan,
    volume = 119,
    pages = {390-396},
    doi = {10.1086/301176},
    adsurl = {http://adsabs.harvard.edu/abs/2000AJ....119..390G},
    adsnote = {Provided by the SAO/NASA Astrophysics Data System}
}

@ARTICLE{Gonzalez2010,
   author = {{Gonzalez}, G. and {Carlson}, M.~K. and {Tobin}, R.~W.},
    title = "{Parent stars of extrasolar planets - X. Lithium abundances and v sini revisited}",
  journal = {\mnras},
archivePrefix = "arXiv",
   eprint = {0912.1621},
 primaryClass = "astro-ph.SR",
 keywords = {stars: abundances, planetary systems},
     year = 2010,
    month = apr,
   volume = 403,
    pages = {1368-1380},
      doi = {10.1111/j.1365-2966.2009.16195.x},
   adsurl = {http://adsabs.harvard.edu/abs/2010MNRAS.403.1368G},
  adsnote = {Provided by the SAO/NASA Astrophysics Data System}
}

@MISC{Gray2006,
    author = {{Gray}, D.~F},
    title = "{The Observation and Analysis of Stellar Photospheres, 3rd ed.}",
    year = 2005
}

@ARTICLE{Gustafson2008,
   author = {{Gustafsson}, B. and {Edvardsson}, B. and {Eriksson}, K. and
    {J{\o}rgensen}, U.~G. and {Nordlund}, {\AA}. and {Plez}, B.},
    title = "{A grid of MARCS model atmospheres for late-type stars. I. Methods and general properties}",
  journal = {\aap},
archivePrefix = "arXiv",
   eprint = {0805.0554},
 keywords = {stars: atmospheres, Sun: abundances, stars: fundamental parameters, stars: general, stars: late-type, stars: supergiants},
     year = 2008,
    month = aug,
   volume = 486,
    pages = {951-970},
      doi = {10.1051/0004-6361:200809724},
   adsurl = {http://adsabs.harvard.edu/abs/2008A%26A...486..951G},
  adsnote = {Provided by the SAO/NASA Astrophysics Data System}
}

@ARTICLE{Hartmann2014,
   author = {{Hartman}, J.~D. and {Bakos}, G.~{\'A}. and {Torres}, G. and
    {Kov{\'a}cs}, G. and {Johnson}, J.~A. and {Howard}, A.~W. and
    {Marcy}, G.~W. and {Latham}, D.~W. and {Bieryla}, A. and {Buchhave}, L.~A. and
    {Bhatti}, W. and {B{\'e}ky}, B. and {Csubry}, Z. and {Penev}, K. and
    {de Val-Borro}, M. and {Noyes}, R.~W. and {Fischer}, D.~A. and
    {Esquerdo}, G.~A. and {Everett}, M. and {Szklen{\'a}r}, T. and
    {Zhou}, G. and {Bayliss}, D. and {Shporer}, A. and {Fulton}, B.~J. and
    {Sanchis-Ojeda}, R. and {Falco}, E. and {L{\'a}z{\'a}r}, J. and
    {Papp}, I. and {S{\'a}ri}, P.},
    title = "{HAT-P-44b, HAT-P-45b, and HAT-P-46b: Three Transiting Hot Jupiters in Possible Multi-planet Systems}",
  journal = {\aj},
archivePrefix = "arXiv",
   eprint = {1308.2937},
 primaryClass = "astro-ph.EP",
 keywords = {planetary systems, stars: individual: HAT-P-44 HAT-P-45 HAT-P-46, techniques: photometric, techniques: spectroscopic},
     year = 2014,
    month = jun,
   volume = 147,
      eid = {128},
    pages = {128},
      doi = {10.1088/0004-6256/147/6/128},
   adsurl = {http://adsabs.harvard.edu/abs/2014AJ....147..128H},
  adsnote = {Provided by the SAO/NASA Astrophysics Data System}
}

@ARTICLE{Henry2006,
    author = {{Henry}, T.~J. and {Jao}, W.-C. and {Subasavage}, J.~P. and
    {Beaulieu}, T.~D. and {Ianna}, P.~A. and {Costa}, E. and {M{\'e}ndez}, R.~A.
    },
    title = "{The Solar Neighborhood. XVII. Parallax Results from the CTIOPI 0.9 m Program: 20 New Members of the RECONS 10 Parsec Sample}",
    journal = {\aj},
    eprint = {astro-ph/0608230},
    keywords = {Astrometry, Galaxy: Solar Neighborhood, Stars: Distances, Stars: Low-Mass, Brown Dwarfs, Stars: Statistics, Surveys},
    year = 2006,
    month = dec,
    volume = 132,
    pages = {2360-2371},
    doi = {10.1086/508233},
    adsurl = {http://adsabs.harvard.edu/abs/2006AJ....132.2360H},
    adsnote = {Provided by the SAO/NASA Astrophysics Data System}
}

@INPROCEEDINGS{Hinkle2003,
   author = {{Hinkle}, K. and {Wallace}, L. and {Livingston}, W. and {Ayres}, T. and
    {Harmer}, D. and {Valenti}, J.},
    title = "{High Resolution Infrared, Visible and Ultraviolet Spectral Atlases of the Sun and Arcturus}",
 keywords = {{$\alpha$} Cen},
booktitle = {The Future of Cool-Star Astrophysics: 12th Cambridge Workshop on Cool Stars, Stellar Systems, and the Sun},
     year = 2003,
   series = {Cambridge Workshop on Cool Stars, Stellar Systems, and the Sun},
   volume = 12,
   editor = {{Brown}, A. and {Harper}, G.~M. and {Ayres}, T.~R.},
    month = oct,
    pages = {851-856},
   adsurl = {http://adsabs.harvard.edu/abs/2003csss...12..851H},
  adsnote = {Provided by the SAO/NASA Astrophysics Data System}
}

@INPROCEEDINGS{Hinkle1995,
   author = {{Hinkle}, K.~H. and {Wallace}, L. and {Livingston}, W.},
    title = "{Kitt Peak Solar and Stellar Atlases}",
booktitle = {Laboratory and Astronomical High Resolution Spectra},
     year = 1995,
   series = {Astronomical Society of the Pacific Conference Series},
   volume = 81,
   editor = {{Sauval}, A.~J. and {Blomme}, R. and {Grevesse}, N.},
    pages = {66},
   adsurl = {http://adsabs.harvard.edu/abs/1995ASPC...81...66H},
  adsnote = {Provided by the SAO/NASA Astrophysics Data System}
}

@ARTICLE{Huber2011,
   author = {{Huber}, D. and {Bedding}, T.~R. and {Stello}, D. and {Hekker}, S. and
    {Mathur}, S. and {Mosser}, B. and {Verner}, G.~A. and {Bonanno}, A. and
    {Buzasi}, D.~L. and {Campante}, T.~L. and {Elsworth}, Y.~P. and
    {Hale}, S.~J. and {Kallinger}, T. and {Silva Aguirre}, V. and
    {Chaplin}, W.~J. and {De Ridder}, J. and {Garc{\'{\i}}a}, R.~A. and
    {Appourchaux}, T. and {Frandsen}, S. and {Houdek}, G. and {Molenda-{\.Z}akowicz}, J. and
    {Monteiro}, M.~J.~P.~F.~G. and {Christensen-Dalsgaard}, J. and
    {Gilliland}, R.~L. and {Kawaler}, S.~D. and {Kjeldsen}, H. and
    {Broomhall}, A.~M. and {Corsaro}, E. and {Salabert}, D. and
    {Sanderfer}, D.~T. and {Seader}, S.~E. and {Smith}, J.~C.},
    title = "{Testing Scaling Relations for Solar-like Oscillations from the Main Sequence to Red Giants Using Kepler Data}",
  journal = {\apj},
archivePrefix = "arXiv",
   eprint = {1109.3460},
 primaryClass = "astro-ph.SR",
 keywords = {stars: late-type, stars: oscillations, techniques: photometric},
     year = 2011,
    month = dec,
   volume = 743,
      eid = {143},
    pages = {143},
      doi = {10.1088/0004-637X/743/2/143},
   adsurl = {http://adsabs.harvard.edu/abs/2011ApJ...743..143H},
  adsnote = {Provided by the SAO/NASA Astrophysics Data System}
}

@ARTICLE{Huber2012,
   author = {{Huber}, D. and {Ireland}, M.~J. and {Bedding}, T.~R. and {Brand{\~a}o}, I.~M. and
    {Piau}, L. and {Maestro}, V. and {White}, T.~R. and {Bruntt}, H. and
    {Casagrande}, L. and {Molenda-{\.Z}akowicz}, J. and {Silva Aguirre}, V. and
    {Sousa}, S.~G. and {Barclay}, T. and {Burke}, C.~J. and {Chaplin}, W.~J. and
    {Christensen-Dalsgaard}, J. and {Cunha}, M.~S. and {De Ridder}, J. and
    {Farrington}, C.~D. and {Frasca}, A. and {Garc{\'{\i}}a}, R.~A. and
    {Gilliland}, R.~L. and {Goldfinger}, P.~J. and {Hekker}, S. and
    {Kawaler}, S.~D. and {Kjeldsen}, H. and {McAlister}, H.~A. and
    {Metcalfe}, T.~S. and {Miglio}, A. and {Monteiro}, M.~J.~P.~F.~G. and
    {Pinsonneault}, M.~H. and {Schaefer}, G.~H. and {Stello}, D. and
    {Stumpe}, M.~C. and {Sturmann}, J. and {Sturmann}, L. and {ten Brummelaar}, T.~A. and
    {Thompson}, M.~J. and {Turner}, N. and {Uytterhoeven}, K.},
    title = "{Fundamental Properties of Stars Using Asteroseismology from Kepler and CoRoT and Interferometry from the CHARA Array}",
  journal = {\apj},
archivePrefix = "arXiv",
   eprint = {1210.0012},
 primaryClass = "astro-ph.SR",
 keywords = {stars: late-type, stars: oscillations: including pulsations, techniques: interferometric, techniques: photometric},
     year = 2012,
    month = nov,
   volume = 760,
      eid = {32},
    pages = {32},
      doi = {10.1088/0004-637X/760/1/32},
   adsurl = {http://adsabs.harvard.edu/abs/2012ApJ...760...32H},
  adsnote = {Provided by the SAO/NASA Astrophysics Data System}
}

@ARTICLE{Husser2013,
   author = {{Husser}, T.-O. and {Wende-von Berg}, S. and {Dreizler}, S. and
    {Homeier}, D. and {Reiners}, A. and {Barman}, T. and {Hauschildt}, P.~H.
    },
    title = "{A new extensive library of PHOENIX stellar atmospheres and synthetic spectra}",
  journal = {\aap},
archivePrefix = "arXiv",
   eprint = {1303.5632},
 primaryClass = "astro-ph.SR",
 keywords = {stars: atmospheres, convection, stars: late-type},
     year = 2013,
    month = may,
   volume = 553,
      eid = {A6},
    pages = {A6},
      doi = {10.1051/0004-6361/201219058},
   adsurl = {http://adsabs.harvard.edu/abs/2013A%26A...553A...6H},
  adsnote = {Provided by the SAO/NASA Astrophysics Data System}
}

@INPROCEEDINGS{IRD,
   author = {{Kotani}, T. and {Tamura}, M. and {Suto}, H. and {Nishikawa}, J. and
    {Sato}, B. and {Aoki}, W. and {Usuda}, T. and {Kurokawa}, T. and
    {Kashiwagi}, K. and {Nishiyama}, S. and {Ikeda}, Y. and {Hall}, D.~B. and
    {Hodapp}, K.~W. and {Hashimoto}, J. and {Morino}, J.-I. and
    {Okuyama}, Y. and {Tanaka}, Y. and {Suzuki}, S. and {Inoue}, S. and
    {Kwon}, J. and {Suenaga}, T. and {Oh}, D. and {Baba}, H. and
    {Narita}, N. and {Kokubo}, E. and {Hayano}, Y. and {Izumiura}, H. and
    {Kambe}, E. and {Kudo}, T. and {Kusakabe}, N. and {Ikoma}, M. and
    {Hori}, Y. and {Omiya}, M. and {Genda}, H. and {Fukui}, A. and
    {Fujii}, Y. and {Guyon}, O. and {Harakawa}, H. and {Hayashi}, M. and
    {Hidai}, M. and {Hirano}, T. and {Kuzuhara}, M. and {Machida}, M. and
    {Matsuo}, T. and {Nagata}, T. and {Onuki}, H. and {Ogihara}, M. and
    {Takami}, H. and {Takato}, N. and {Takahashi}, Y.~H. and {Tachinami}, C. and
    {Terada}, H. and {Kawahara}, H. and {Yamamuro}, T.},
    title = "{Infrared Doppler instrument (IRD) for the Subaru telescope to search for Earth-like planets around nearby M-dwarfs}",
booktitle = {Society of Photo-Optical Instrumentation Engineers (SPIE) Conference Series},
     year = 2014,
   series = {Society of Photo-Optical Instrumentation Engineers (SPIE) Conference Series},
   volume = 9147,
    month = jul,
      eid = {914714},
    pages = {14},
      doi = {10.1117/12.2055075},
   adsurl = {http://adsabs.harvard.edu/abs/2014SPIE.9147E..14K},
  adsnote = {Provided by the SAO/NASA Astrophysics Data System}
}

@ARTICLE{FEROS,
   author = {{Kaufer}, A. and {Stahl}, O. and {Tubbesing}, S. and {N{\o}rregaard}, P. and
    {Avila}, G. and {Francois}, P. and {Pasquini}, L. and {Pizzella}, A.
    },
    title = "{Commissioning FEROS, the new high-resolution spectrograph at La-Silla.}",
  journal = {The Messenger},
 keywords = {Spectrographs: Data Processing},
     year = 1999,
    month = mar,
   volume = 95,
    pages = {8-12},
   adsurl = {http://adsabs.harvard.edu/abs/1999Msngr..95....8K},
  adsnote = {Provided by the SAO/NASA Astrophysics Data System}
}

@ARTICLE{Kjeldsen1995,
   author = {{Kjeldsen}, H. and {Bedding}, T.~R.},
    title = "{Amplitudes of stellar oscillations: the implications for asteroseismology.}",
  journal = {\aap},
   eprint = {astro-ph/9403015},
 keywords = {SUN: OSCILLATIONS, STARS: INDIVIDUAL: $\{$ALPHA$\}$ CEN, STARS: INDIVIDUAL: PROCYON, STARS: OSCILLATIONS, CEPHEIDS, $\{$DELTA$\}$ SCT},
     year = 1995,
    month = jan,
   volume = 293,
    pages = {87-106},
   adsurl = {http://adsabs.harvard.edu/abs/1995A%26A...293...87K},
  adsnote = {Provided by the SAO/NASA Astrophysics Data System}
}

@ARTICLE{Koen2010,
   author = {{Koen}, C. and {Kilkenny}, D. and {van Wyk}, F. and {Marang}, F.
    },
    title = "{UBV(RI)$_{C}$ JHK observations of Hipparcos-selected nearby stars}",
  journal = {\mnras},
 keywords = {stars: distances, stars: fundamental parameters},
     year = 2010,
    month = apr,
   volume = 403,
    pages = {1949-1968},
      doi = {10.1111/j.1365-2966.2009.16182.x},
   adsurl = {http://cdsads.u-strasbg.fr/abs/2010MNRAS.403.1949K},
  adsnote = {Provided by the SAO/NASA Astrophysics Data System}
}

@ARTICLE{Kurucz1993,
   author = {{Kurucz}, R.},
    title = "{ATLAS9 Stellar Atmosphere Programs and 2 km/s grid.}",
  journal = {ATLAS9 Stellar Atmosphere Programs and 2 km/s grid.~Kurucz CD-ROM No.~13.~ Cambridge, Mass.: Smithsonian Astrophysical Observatory, 1993.},
     year = 1993,
   volume = 13,
   adsurl = {http://adsabs.harvard.edu/abs/1993KurCD..13.....K},
  adsnote = {Provided by the SAO/NASA Astrophysics Data System}
}

@ARTICLE{Lebzelter2012,
   author = {{Lebzelter}, T. and {Seifahrt}, A. and {Uttenthaler}, S. and
    {Ramsay}, S. and {Hartman}, H. and {Nieva}, M.-F. and {Przybilla}, N. and
    {Smette}, A. and {Wahlgren}, G.~M. and {Wolff}, B. and {Hussain}, G.~A.~J. and
    {K{\"a}ufl}, H.~U. and {Seemann}, U.},
    title = "{CRIRES-POP. A library of high resolution spectra in the near-infrared}",
  journal = {\aap},
archivePrefix = "arXiv",
   eprint = {1202.4376},
 primaryClass = "astro-ph.SR",
 keywords = {atlases, infrared: stars, stars: atmospheres, line: identification, methods: data analysis, techniques: spectroscopic},
     year = 2012,
    month = mar,
   volume = 539,
      eid = {A109},
    pages = {A109},
      doi = {10.1051/0004-6361/201117728},
   adsurl = {http://adsabs.harvard.edu/abs/2012A%26A...539A.109L},
  adsnote = {Provided by the SAO/NASA Astrophysics Data System}
}

@MISC{Mayor1995,
    abstract = {The presence of a Jupiter-mass companion to the star 51 Pegasi
                is inferred from observations of periodic variations in the
                star's radial velocity. The companion lies only about eight
                million kilometres from the star, which would be well inside
                the orbit of Mercury in our Solar System. This object might be
                a gas-giant planet that has migrated to this location through
                orbital evolution, or from the radiative stripping of a brown dwarf.},
    author = {Mayor, Michel and Queloz, Didier},
    booktitle = {Nature},
    doi = {10.1038/378355a0},
    isbn = {0028-0836},
    issn = {0028-0836},
    pages = {355--359},
    title = {{A Jupiter-mass companion to a solar-type star}},
    volume = {378},
    year = {1995}
}

@ARTICLE{HARPS,
   author = {{Mayor}, M. and {Pepe}, F. and {Queloz}, D. and {Bouchy}, F. and
    {Rupprecht}, G. and {Lo Curto}, G. and {Avila}, G. and {Benz}, W. and
    {Bertaux}, J.-L. and {Bonfils}, X. and {Dall}, T. and {Dekker}, H. and
    {Delabre}, B. and {Eckert}, W. and {Fleury}, M. and {Gilliotte}, A. and
    {Gojak}, D. and {Guzman}, J.~C. and {Kohler}, D. and {Lizon}, J.-L. and
    {Longinotti}, A. and {Lovis}, C. and {Megevand}, D. and {Pasquini}, L. and
    {Reyes}, J. and {Sivan}, J.-P. and {Sosnowska}, D. and {Soto}, R. and
    {Udry}, S. and {van Kesteren}, A. and {Weber}, L. and {Weilenmann}, U.
    },
    title = "{Setting New Standards with HARPS}",
  journal = {The Messenger},
     year = 2003,
    month = dec,
   volume = 114,
    pages = {20-24},
   adsurl = {http://adsabs.harvard.edu/abs/2003Msngr.114...20M},
  adsnote = {Provided by the SAO/NASA Astrophysics Data System}
}

@ARTICLE{Melendez1999,
   author = {{Mel{\'e}ndez}, J. and {Barbuy}, B.},
    title = "{Oscillator Strengths and Damping Constants for Atomic Lines in the J and H Bands}",
  journal = {\apjs},
   eprint = {astro-ph/9908296},
 keywords = {LINE: IDENTIFICATION, MOLECULAR DATA, Line: Identification, Molecular Data},
     year = 1999,
    month = oct,
   volume = 124,
    pages = {527-546},
      doi = {10.1086/313261},
   adsurl = {http://adsabs.harvard.edu/abs/1999ApJS..124..527M},
  adsnote = {Provided by the SAO/NASA Astrophysics Data System}
}

@ARTICLE{Meszaros2012,
   author = {{M{\'e}sz{\'a}ros}, S. and {Allende Prieto}, C. and {Edvardsson}, B. and
    {Castelli}, F. and {Garc{\'{\i}}a P{\'e}rez}, A.~E. and {Gustafsson}, B. and
    {Majewski}, S.~R. and {Plez}, B. and {Schiavon}, R. and {Shetrone}, M. and
    {de Vicente}, A.},
    title = "{New ATLAS9 and MARCS Model Atmosphere Grids for the Apache Point Observatory Galactic Evolution Experiment (APOGEE)}",
  journal = {\aj},
archivePrefix = "arXiv",
   eprint = {1208.1916},
 primaryClass = "astro-ph.SR",
 keywords = {astrochemistry, radiative transfer, stars: atmospheres, surveys},
     year = 2012,
    month = oct,
   volume = 144,
      eid = {120},
    pages = {120},
      doi = {10.1088/0004-6256/144/4/120},
   adsurl = {http://adsabs.harvard.edu/abs/2012AJ....144..120M},
  adsnote = {Provided by the SAO/NASA Astrophysics Data System}
}

@ARTICLE{Michel2008,
   author = {{Michel}, E. and {Baglin}, A. and {Weiss}, W.~W. and {Auvergne}, M. and
    {Catala}, C. and {Aerts}, C. and {Appourchaux}, T. and {Barban}, C. and
    {Baudin}, F. and {Briquet}, M. and {Carrier}, F. and {Degroote}, P. and
    {De Ridder}, J. and {Garcia}, R.~A. and {Garrido}, R. and {Guti{\'e}rrez-Soto}, J. and
    {Kallinger}, T. and {Lefevre}, L. and {Neiner}, C. and {Poretti}, E. and
    {Samadi}, R. and {Sarro}, L. and {Alecian}, G. and {Andrade}, L. and
    {Ballot}, J. and {Benomar}, O. and {Berthomieu}, G. and {Boumier}, P. and
    {Charpinet}, S. and {de Batz}, B. and {Deheuvels}, S. and {Dupret}, M.-A. and
    {Emilio}, M. and {Fabregat}, J. and {Facanha}, W. and {Floquet}, M. and
    {Fr{\'e}mat}, Y. and {Fridlund}, M. and {Goupil}, M.-J. and
    {Grotsch-Noels}, A. and {Handler}, G. and {Huat}, A.-L. and
    {Hubert}, A.-M. and {Janot-Pacheco}, E. and {Kjeldsen}, H. and
    {Lebreton}, Y. and {Leroy}, B. and {Martayan}, C. and {Mathias}, P. and
    {Miglio}, A. and {Montalban}, J. and {Monteiro}, M.~J.~P.~F.~G. and
    {Mosser}, B. and {Provost}, J and {Regulo}, C. and {Renan de Medeiros}, J. and
    {Ribas}, I. and {Roca Cort{\'e}s}, T. and {Roxburgh}, I. and
    {Suso}, J. and {Thoul}, A. and {Toutain}, T. and {Tiphene}, D. and
    {Turck-Chieze}, S. and {Vauclair}, S. and {Vauclair}, G. and
    {Zwintz}, K.},
    title = "{First asteroseismic results from CoRoT}",
  journal = {Communications in Asteroseismology},
     year = 2008,
    month = dec,
   volume = 156,
    pages = {73-87},
   adsurl = {http://adsabs.harvard.edu/abs/2008CoAst.156...73M},
  adsnote = {Provided by the SAO/NASA Astrophysics Data System}
}

@ARTICLE{Mortier2013,
   author = {{Mortier}, A. and {Santos}, N.~C. and {Sousa}, S. and {Israelian}, G. and
    {Mayor}, M. and {Udry}, S.},
    title = "{On the functional form of the metallicity-giant planet correlation}",
  journal = {\aap},
archivePrefix = "arXiv",
   eprint = {1302.1851},
 primaryClass = "astro-ph.EP",
 keywords = {methods: statistical, planet-star interactions, stars: abundances},
     year = 2013,
    month = mar,
   volume = 551,
      eid = {A112},
    pages = {A112},
      doi = {10.1051/0004-6361/201220707},
   adsurl = {http://cdsads.u-strasbg.fr/abs/2013A%26A...551A.112M},
  adsnote = {Provided by the SAO/NASA Astrophysics Data System}
}

@ARTICLE{Mortier2014,
   author = {{Mortier}, A. and {Sousa}, S.~G. and {Adibekyan}, V.~Z. and
    {Brand{\~a}o}, I.~M. and {Santos}, N.~C.},
    title = "{Correcting the spectroscopic surface gravity using transits and
              asteroseismology. No significant effect on temperatures or
              metallicities with ARES and MOOG in local thermodynamic equilibrium}",
  journal = {\aap},
archivePrefix = "arXiv",
   eprint = {1410.1310},
 primaryClass = "astro-ph.SR",
 keywords = {stars: fundamental parameters, stars: abundances, techniques: spectroscopic, asteroseismology},
     year = 2014,
    month = dec,
   volume = 572,
      eid = {A95},
    pages = {A95},
      doi = {10.1051/0004-6361/201424537},
   adsurl = {http://adsabs.harvard.edu/abs/2014A%26A...572A..95M},
  adsnote = {Provided by the SAO/NASA Astrophysics Data System}
}

@MISC{Morton2015,
   author = {{Morton}, T.~D.},
    title = "{isochrones: Stellar model grid package}",
 keywords = {Software},
howpublished = {Astrophysics Source Code Library},
     year = 2015,
    month = mar,
archivePrefix = "ascl",
   eprint = {1503.010},
   adsurl = {http://adsabs.harvard.edu/abs/2015ascl.soft03010M},
  adsnote = {Provided by the SAO/NASA Astrophysics Data System}
}

@ARTICLE{Morton2016,
   author = {{Morton}, T.~D. and {Bryson}, S.~T. and {Coughlin}, J.~L. and
    {Rowe}, J.~F. and {Ravichandran}, G. and {Petigura}, E.~A. and
    {Haas}, M.~R. and {Batalha}, N.~M.},
    title = "{False Positive Probabilities for all Kepler Objects of Interest: 1284 Newly Validated Planets and 428 Likely False Positives}",
  journal = {\apj},
archivePrefix = "arXiv",
   eprint = {1605.02825},
 primaryClass = "astro-ph.EP",
 keywords = {methods: statistical, planetary systems },
     year = 2016,
    month = may,
   volume = 822,
      eid = {86},
    pages = {86},
      doi = {10.3847/0004-637X/822/2/86},
   adsurl = {http://adsabs.harvard.edu/abs/2016ApJ...822...86M},
  adsnote = {Provided by the SAO/NASA Astrophysics Data System}
}

@ARTICLE{Mucciarelli2013,
   author = {{Mucciarelli}, A. and {Pancino}, E. and {Lovisi}, L. and {Ferraro}, F.~R. and
    {Lapenna}, E.},
    title = "{GALA: An Automatic Tool for the Abundance Analysis of Stellar Spectra}",
  journal = {\apj},
archivePrefix = "arXiv",
   eprint = {1302.3618},
 primaryClass = "astro-ph.IM",
 keywords = {methods: data analysis, stars: abundances, techniques: spectroscopic },
     year = 2013,
    month = apr,
   volume = 766,
      eid = {78},
    pages = {78},
      doi = {10.1088/0004-637X/766/2/78},
   adsurl = {http://adsabs.harvard.edu/abs/2013ApJ...766...78M},
  adsnote = {Provided by the SAO/NASA Astrophysics Data System}
}

@ARTICLE{Neves2009,
   author = {{Neves}, V. and {Santos}, N.~C. and {Sousa}, S.~G. and {Correia}, A.~C.~M. and
    {Israelian}, G.},
    title = "{Chemical abundances of 451 stars from the HARPS GTO planet search program. Thin disc, thick disc, and planets}",
  journal = {\aap},
archivePrefix = "arXiv",
   eprint = {0902.3374},
 primaryClass = "astro-ph.GA",
 keywords = {stars: abundances, Galaxy: abundances, stars: fundamental parameters, stars: planetary systems, Galaxy: disk, Galaxy: solar neighbourhood},
     year = 2009,
    month = apr,
   volume = 497,
    pages = {563-581},
      doi = {10.1051/0004-6361/200811328},
   adsurl = {http://adsabs.harvard.edu/abs/2009A%26A...497..563N},
  adsnote = {Provided by the SAO/NASA Astrophysics Data System}
}

@ARTICLE{Onehag2012,
    author = {{{\"O}nehag}, A. and {Heiter}, U. and {Gustafsson}, B. and {Piskunov}, N. and
    {Plez}, B. and {Reiners}, A.},
    title = "{M-dwarf metallicities. A high-resolution spectroscopic study in the near infrared}",
    journal = {\aap},
    archivePrefix = "arXiv",
    eprint = {1112.0141},
    primaryClass = "astro-ph.SR",
    keywords = {stars: abundances, techniques: spectroscopic, stars: atmospheres, stars: low-mass, binaries: visual},
    year = 2012,
    month = jun,
    volume = 542,
    eid = {A33},
    pages = {A33},
    doi = {10.1051/0004-6361/201118101},
    adsurl = {http://adsabs.harvard.edu/abs/2012A%26A...542A..33O},
    adsnote = {Provided by the SAO/NASA Astrophysics Data System}
}

@ARTICLE{Origlia2013,
   author = {{Origlia}, L. and {Oliva}, E. and {Maiolino}, R. and {Mucciarelli}, A. and
    {Baffa}, C. and {Biliotti}, V. and {Bruno}, P. and {Falcini}, G. and
    {Gavriousev}, V. and {Ghinassi}, F. and {Giani}, E. and {Gonzalez}, M. and
    {Leone}, F. and {Lodi}, M. and {Massi}, F. and {Montegriffo}, P. and
    {Mochi}, I. and {Pedani}, M. and {Rossetti}, E. and {Scuderi}, S. and
    {Sozzi}, M. and {Tozzi}, A.},
    title = "{GIANO-TNG spectroscopy of red supergiants in the young star cluster RSGC2}",
  journal = {\aap},
archivePrefix = "arXiv",
   eprint = {1311.1639},
 keywords = {techniques: spectroscopic, supergiants, stars: abundances, infrared: stars},
     year = 2013,
    month = dec,
   volume = 560,
      eid = {A46},
    pages = {A46},
      doi = {10.1051/0004-6361/201322586},
   adsurl = {http://adsabs.harvard.edu/abs/2013A%26A...560A..46O},
  adsnote = {Provided by the SAO/NASA Astrophysics Data System}
}

@ARTICLE{Pourbaix2004,
   author = {{Pourbaix}, D. and {Tokovinin}, A.~A. and {Batten}, A.~H. and
    {Fekel}, F.~C. and {Hartkopf}, W.~I. and {Levato}, H. and {Morrell}, N.~I. and
    {Torres}, G. and {Udry}, S.},
    title = "{S$_{B<SUP>9</SUP>}$: The ninth catalogue of spectroscopic binary orbits}",
  journal = {\aap},
   eprint = {astro-ph/0406573},
 keywords = {stars: binaries: spectroscopic, astronomical data bases: miscellaneous, catalogs},
     year = 2004,
    month = sep,
   volume = 424,
    pages = {727-732},
      doi = {10.1051/0004-6361:20041213},
   adsurl = {http://cdsads.u-strasbg.fr/abs/2004A%26A...424..727P},
  adsnote = {Provided by the SAO/NASA Astrophysics Data System}
}

@BOOK{Press1992,
 author = {Press, William H. and Teukolsky, Saul A. and Vetterling, William T. and Flannery, Brian P.},
 title = {Numerical Recipes in C (2Nd Ed.): The Art of Scientific Computing},
 year = {1992},
 isbn = {0-521-43108-5},
 publisher = {Cambridge University Press},
 address = {New York, NY, USA},
}

@ARTICLE{Ramirez2005a,
   author = {{Ram{\'{\i}}rez}, I. and {Mel{\'e}ndez}, J.},
    title = "{The Effective Temperature Scale of FGK Stars. II. T$_{eff}$:Color:[Fe/H] Calibrations}",
  journal = {\apj},
   eprint = {astro-ph/0503110},
 keywords = {Stars: Abundances, Stars: Atmospheres, Stars: Fundamental Parameters},
     year = 2005,
    month = jun,
   volume = 626,
    pages = {465-485},
      doi = {10.1086/430102},
   adsurl = {http://adsabs.harvard.edu/abs/2005ApJ...626..465R},
  adsnote = {Provided by the SAO/NASA Astrophysics Data System}
}

@ARTICLE{Ramirez2005b,
   author = {{Ram{\'{\i}}rez}, I. and {Mel{\'e}ndez}, J.},
    title = "{The Effective Temperature Scale of FGK Stars. I. Determination of Temperatures and Angular Diameters with the Infrared Flux Method}",
  journal = {\apj},
   eprint = {astro-ph/0503108},
 keywords = {Infrared: Stars, Stars: Atmospheres, Stars: Fundamental Parameters},
     year = 2005,
    month = jun,
   volume = 626,
    pages = {446-464},
      doi = {10.1086/430101},
   adsurl = {http://adsabs.harvard.edu/abs/2005ApJ...626..446R},
  adsnote = {Provided by the SAO/NASA Astrophysics Data System}
}

@ARTICLE{Ramirez2012,
   author = {{Ram{\'{\i}}rez}, I. and {Fish}, J.~R. and {Lambert}, D.~L. and
    {Allende Prieto}, C.},
    title = "{Lithium Abundances in nearby FGK Dwarf and Subgiant Stars: Internal Destruction, Galactic Chemical Evolution, and Exoplanets}",
  journal = {\apj},
archivePrefix = "arXiv",
   eprint = {1207.0499},
 primaryClass = "astro-ph.SR",
 keywords = {planetary systems, stars: abundances, stars: evolution},
     year = 2012,
    month = sep,
   volume = 756,
      eid = {46},
    pages = {46},
      doi = {10.1088/0004-637X/756/1/46},
   adsurl = {http://cdsads.u-strasbg.fr/abs/2012ApJ...756...46R},
  adsnote = {Provided by the SAO/NASA Astrophysics Data System}
}

@ARTICLE{Recio2006,
   author = {{Recio-Blanco}, A. and {Bijaoui}, A. and {de Laverny}, P.},
    title = "{Automated derivation of stellar atmospheric parameters and chemical abundances: the MATISSE algorithm}",
  journal = {\mnras},
   eprint = {astro-ph/0604385},
 keywords = {methods: data analysis: techniques: spectroscopic: stars:
             abundances: stars: fundamental parameters: Galaxy: stellar content,
             methods: data analysis, techniques: spectroscopic, stars: abundances, stars: fundamental parameters, Galaxy: stellar content},
     year = 2006,
    month = jul,
   volume = 370,
    pages = {141-150},
      doi = {10.1111/j.1365-2966.2006.10455.x},
   adsurl = {http://adsabs.harvard.edu/abs/2006MNRAS.370..141R},
  adsnote = {Provided by the SAO/NASA Astrophysics Data System}
}

@misc{Rhodin2015,
  abstract     = {Context. Effective temperature is one of the fundamental
                  stellar parameters. A traditional spectroscopic way to
                  determine it is from optical spectra using excitation balance
                  of Fe-lines. With technological advances and the advent of
                  the next generation telescopes there will be an emphasis on
                  the relatively unexplored near-IR (NIR) wavelength region
                  (1-5 \ensuremath{\mu}m). A method to determine the effective
                  temperature based on NIR spectra is needed. Aims. In a
                  proactive attempt, this thesis explores the NIR for the
                  potential of such a method. Reference iron-linelists are
                  created and optimised for the determination of stellar
                  parameters of cool stars (mainly giants). The K-giant
                  benchmark star, Arcturus (alpha-Boo), is used as a testbed
                  for the analysis. Methods. An IDL script is written to select
                  Fe-lines for stellar parameter diagnostics, with constraints
                  based on blend-percentage and line-strength. Empirical
                  line-strengths (astrophysical gf-values) of evaluated Fe-lines
                  are solved against the solar spectrum using 1D-LTE MARCS
                  model atmospheres and VALD to define atomic data. These are
                  used as input to generate synthetic spectra of Arcturus which
                  are confronted with high-resolution observations. The final
                  Fe-linelists are used to retrieve the fundamental stellar
                  parameters of Arcturus using SME for spectrum synthesis.
                  Results. The derived gf-values follow a one-to-one
                  correspondence with the available laboratory measurements.
                  Theoretically calculated values show a larger spread,
                  indicative of configuration interaction and level-mixing
                   With an independently determined surface gravity, the
                   effective temperature of Arcturus can be retrieved using
                   approximately 20 lines to a precision of {\textpm}50 K. The
                   Fe-linelists constructed for the J- and H-bands each span
                   excitation potentials of the same range as those constructed
                   for the optical spectral region used in other studies.
                  Conclusions. The results indicate that the NIR has a large
                  potential for the determination of effective temperature and
                  metallicity. The absence of observed Fe II lines suggests that
                  surface gravity must be determined by an independent method,
                  or alternatively using pressure-sensitive wings of strong lines in other atomic species.},
  author       = {Rhodin, Henrik},
  language     = {eng},
  note         = {Student Paper},
  series       = {Lund Observtory Examensarbeten},
  title        = {Determining the effective temperature of cool stars from near-infrared spectra},
  year         = {2015},
}

@ARTICLE{Sato2013,
   author = {{Sato}, B. and {Omiya}, M. and {Harakawa}, H. and {Liu}, Y.-J. and
    {Izumiura}, H. and {Kambe}, E. and {Takeda}, Y. and {Yoshida}, M. and
    {Itoh}, Y. and {Ando}, H. and {Kokubo}, E. and {Ida}, S.},
    title = "{Planetary Companions to Three Evolved Intermediate-Mass Stars: HD 2952, HD 120084, and {$\omega$} Serpentis}",
  journal = {\pasj},
archivePrefix = "arXiv",
   eprint = {1304.4328},
 primaryClass = "astro-ph.EP",
 keywords = {planetary systems, stars: individual: HD 2952, stars: individual: HD 120084, stars: individual: {$\omega$} Ser, techniques: radial velocities},
     year = 2013,
    month = aug,
   volume = 65,
      doi = {10.1093/pasj/65.4.85},
   adsurl = {http://adsabs.harvard.edu/abs/2013PASJ...65...85S},
  adsnote = {Provided by the SAO/NASA Astrophysics Data System}
}


@ARTICLE{Santos2003,
   author = {{Santos}, N.~C. and {Israelian}, G. and {Mayor}, M. and {Rebolo}, R. and
    {Udry}, S.},
    title = "{Statistical properties of exoplanets.  II. Metallicity, orbital parameters, and space velocities}",
  journal = {\aap},
   eprint = {astro-ph/0211211},
 keywords = {stars: abundances, stars: fundamental parameters, stars: chemically peculiar, stars: evolution, planetary systems, solar neighborhood},
     year = 2003,
    month = jan,
   volume = 398,
    pages = {363-376},
      doi = {10.1051/0004-6361:20021637},
   adsurl = {http://adsabs.harvard.edu/abs/2003A%26A...398..363S},
  adsnote = {Provided by the SAO/NASA Astrophysics Data System}
}

@ARTICLE{Santos2004,
   author = {{Santos}, N.~C. and {Israelian}, G. and {Mayor}, M.},
    title = "{Spectroscopic [Fe/H] for 98 extra-solar planet-host stars.  Exploring the probability of planet formation}",
  journal = {\aap},
   eprint = {astro-ph/0311541},
 keywords = {stars: abundances, stars: fundamental parameters, stars: planetary systems, stars: planetary systems: formation, stars: chemically peculiar},
     year = 2004,
    month = mar,
   volume = 415,
    pages = {1153-1166},
      doi = {10.1051/0004-6361:20034469},
   adsurl = {http://adsabs.harvard.edu/abs/2004A%26A...415.1153S},
  adsnote = {Provided by the SAO/NASA Astrophysics Data System}
}

@ARTICLE{Santos13,
   author = {{Santos}, N.~C. and {Sousa}, S.~G. and {Mortier}, A. and {Neves}, V. and
    {Adibekyan}, V. and {Tsantaki}, M. and {Delgado Mena}, E. and
    {Bonfils}, X. and {Israelian}, G. and {Mayor}, M. and {Udry}, S.
    },
    title = "{SWEET-Cat: A catalogue of parameters for Stars With ExoplanETs. I. New atmospheric parameters and masses for 48 stars with planets}",
  journal = {\aap},
archivePrefix = "arXiv",
   eprint = {1307.0354},
 primaryClass = "astro-ph.SR",
 keywords = {planetary systems, stars: solar-type, stars: abundances, catalogs},
     year = 2013,
    month = aug,
   volume = 556,
      eid = {A150},
    pages = {A150},
      doi = {10.1051/0004-6361/201321286},
   adsurl = {http://adsabs.harvard.edu/abs/2013A%26A...556A.150S},
  adsnote = {Provided by the SAO/NASA Astrophysics Data System}
}

@MISC{Seaborn,
  author       = {Michael Waskom and
                  Olga Botvinnik and
                  Paul Hobson and
                  John B. Cole and
                  Yaroslav Halchenko and
                  Stephan Hoyer and
                  Alistair Miles and
                  Tom Augspurger and
                  Tal Yarkoni and
                  Tobias Megies and
                  Luis Pedro Coelho and
                  Daniel Wehner and
                  cynddl and
                  Erik Ziegler and
                  diego0020 and
                  Yury V. Zaytsev and
                  Travis Hoppe and
                  Skipper Seabold and
                  Phillip Cloud and
                  Miikka Koskinen and
                  Kyle Meyer and
                  Adel Qalieh and
                  Dan Allan},
  title        = {seaborn: v0.5.0 (November 2014)},
  month        = nov,
  year         = 2014,
  doi          = {10.5281/zenodo.12710},
  url          = {http://dx.doi.org/10.5281/zenodo.12710}
}

@ARTICLE{Smith2013,
   author = {{Smith}, V.~V. and {Cunha}, K. and {Shetrone}, M.~D. and {Meszaros}, S. and
    {Allende Prieto}, C. and {Bizyaev}, D. and {Garc{\`i}a P{\`e}rez}, A. and
    {Majewski}, S.~R. and {Schiavon}, R. and {Holtzman}, J. and
    {Johnson}, J.~A.},
    title = "{Chemical Abundances in Field Red Giants from High-resolution H-band Spectra Using the APOGEE Spectral Linelist}",
  journal = {\apj},
archivePrefix = "arXiv",
   eprint = {1212.4091},
 primaryClass = "astro-ph.SR",
 keywords = {stars: abundances, stars: late-type },
     year = 2013,
    month = mar,
   volume = 765,
      eid = {16},
    pages = {16},
      doi = {10.1088/0004-637X/765/1/16},
   adsurl = {http://adsabs.harvard.edu/abs/2013ApJ...765...16S},
  adsnote = {Provided by the SAO/NASA Astrophysics Data System}
}

@ARTICLE{Shetrone2015,
   author = {{Shetrone}, M. and {Bizyaev}, D. and {Lawler}, J. and {Allende Prieto}, C. and
    {Johnson}, J.~A. and {Smith}, V. and {Cunha}, K. and {Holtzman}, J. and
    {Garcia Perez}, A. and {Meszaros}, S. and {Sobeck}, J. and {Zamora}, O. and
    {Garcia-Hernandez}, A. and {Souto}, D. and {Chojnowski}, D. and
    {Koesterke}, L. and {Majewski}, S.},
    title = "{The APOGEE Spectral Line List for H band Spectroscopy}",
  journal = {ArXiv e-prints},
archivePrefix = "arXiv",
   eprint = {1502.04080},
 primaryClass = "astro-ph.IM",
 keywords = {Astrophysics - Instrumentation and Methods for Astrophysics, Astrophysics - Astrophysics of Galaxies, Astrophysics - Solar and Stellar Astrophysics},
     year = 2015,
    month = feb,
   adsurl = {http://adsabs.harvard.edu/abs/2015arXiv150204080S},
  adsnote = {Provided by the SAO/NASA Astrophysics Data System}
}

@PHDTHESIS{Sneden1973,
   author = {{Sneden}, C.~A.},
    title = "{Carbon and Nitrogen Abundances in Metal-Poor Stars.}",
   school = {THE UNIVERSITY OF TEXAS AT AUSTIN.},
     year = 1973,
   adsurl = {http://adsabs.harvard.edu/abs/1973PhDT.......180S},
  adsnote = {Provided by the SAO/NASA Astrophysics Data System}
}

@ARTICLE{Sousa2007,
    author = {{Sousa}, S.~G. and {Santos}, N.~C. and {Israelian}, G. and {Mayor}, M. and
    {Monteiro}, M.~J.~P.~F.~G.},
    title = "{A new code for automatic determination of equivalent widths: Automatic Routine for line Equivalent widths in stellar Spectra (ARES)}",
    journal = {\aap},
    eprint = {astro-ph/0703696},
    keywords = {methods: data analysis, techniques: spectroscopic, stars: abundances, stars: fundamental parameters},
    year = 2007,
    month = jul,
    volume = 469,
    pages = {783-791},
    doi = {10.1051/0004-6361:20077288},
    adsurl = {http://adsabs.harvard.edu/abs/2007A%26A...469..783S},
    adsnote = {Provided by the SAO/NASA Astrophysics Data System}
}

@ARTICLE{Sousa2008a,
   author = {{Sousa}, S.~G. and {Santos}, N.~C. and {Mayor}, M. and {Udry}, S. and
    {Casagrande}, L. and {Israelian}, G. and {Pepe}, F. and {Queloz}, D. and
    {Monteiro}, M.~J.~P.~F.~G.},
    title = "{Spectroscopic parameters for 451 stars in the HARPS GTO planet search program. Stellar [Fe/H] and the frequency of exo-Neptunes}",
  journal = {\aap},
archivePrefix = "arXiv",
   eprint = {0805.4826},
 keywords = {methods: data analysis, techniques: spectroscopic, stars:
            fundamental parameters, stars: planetary systems, stars:
            planetary systems: formation, Galaxy: solar neighborhood},
     year = 2008,
    month = aug,
   volume = 487,
    pages = {373-381},
      doi = {10.1051/0004-6361:200809698},
   adsurl = {http://adsabs.harvard.edu/abs/2008A%26A...487..373S},
  adsnote = {Provided by the SAO/NASA Astrophysics Data System}
}

@ARTICLE{Sousa2011,
   author = {{Sousa}, S.~G. and {Santos}, N.~C. and {Israelian}, G. and {Mayor}, M. and
    {Udry}, S.},
    title = "{Spectroscopic stellar parameters for 582 FGK stars in the HARPS volume-limited sample. Revising the metallicity-planet correlation}",
  journal = {\aap},
archivePrefix = "arXiv",
   eprint = {1108.5279},
 primaryClass = "astro-ph.EP",
 keywords = {stars: fundamental parameters, planetary systems, stars: abundances, stars: statistics},
     year = 2011,
    month = sep,
   volume = 533,
      eid = {A141},
    pages = {A141},
      doi = {10.1051/0004-6361/201117699},
   adsurl = {http://adsabs.harvard.edu/abs/2011A%26A...533A.141S},
  adsnote = {Provided by the SAO/NASA Astrophysics Data System}
}

@ARTICLE{Sousa2012,
   author = {{Sousa}, S.~G. and {Santos}, N.~C. and {Israelian}, G.},
    title = "{TMCalc - a fast code to derive Teff and [Fe/H] for FGK stars}",
  journal = {\aap},
archivePrefix = "arXiv",
   eprint = {1209.0342},
 primaryClass = "astro-ph.SR",
 keywords = {stars: fundamental parameters, stars: abundances, stars: statistics, methods: data analysis, techniques: spectroscopic},
     year = 2012,
    month = aug,
   volume = 544,
      eid = {A122},
    pages = {A122},
      doi = {10.1051/0004-6361/201219260},
   adsurl = {http://adsabs.harvard.edu/abs/2012A%26A...544A.122S},
  adsnote = {Provided by the SAO/NASA Astrophysics Data System}
}

@ARTICLE{Sousa2014,
   author = {{Sousa}, S.~G.},
    title = "{ARES+MOOG - a practical overview of an EW method to derive stellar parameters}",
  journal = {ArXiv e-prints},
archivePrefix = "arXiv",
   eprint = {1407.5817},
 primaryClass = "astro-ph.SR",
 keywords = {Astrophysics - Solar and Stellar Astrophysics},
     year = 2014,
    month = jul,
   adsurl = {http://adsabs.harvard.edu/abs/2014arXiv1407.5817S},
  adsnote = {Provided by the SAO/NASA Astrophysics Data System}
}

@ARTICLE{Sousa2015a,
   author = {{Sousa}, S.~G. and {Santos}, N.~C. and {Adibekyan}, V. and {Delgado-Mena}, E. and
    {Israelian}, G.},
    title = "{ARES v2: new features and improved performance}",
  journal = {\aap},
archivePrefix = "arXiv",
   eprint = {1504.02725},
 primaryClass = "astro-ph.IM",
 keywords = {techniques: spectroscopic, methods: data analysis, stars: solar-type, stars: abundances},
     year = 2015,
    month = may,
   volume = 577,
      eid = {A67},
    pages = {A67},
      doi = {10.1051/0004-6361/201425463},
   adsurl = {http://adsabs.harvard.edu/abs/2015A%26A...577A..67S},
  adsnote = {Provided by the SAO/NASA Astrophysics Data System}
}

@ARTICLE{Sousa2015b,
   author = {{Sousa}, S.~G. and {Santos}, N.~C. and {Mortier}, A. and {Tsantaki}, M. and
    {Adibekyan}, V. and {Delgado Mena}, E. and {Israelian}, G. and
    {Rojas-Ayala}, B. and {Neves}, V.},
    title = "{Homogeneous spectroscopic parameters for bright planet host stars from the northern hemisphere . The impact on stellar and planetary mass}",
  journal = {\aap},
archivePrefix = "arXiv",
   eprint = {1503.02443},
 primaryClass = "astro-ph.SR",
 keywords = {planetary systems, stars: solar-type, catalogs, stars: abundances},
     year = 2015,
    month = apr,
   volume = 576,
      eid = {A94},
    pages = {A94},
      doi = {10.1051/0004-6361/201425227},
   adsurl = {http://adsabs.harvard.edu/abs/2015A%26A...576A..94S},
  adsnote = {Provided by the SAO/NASA Astrophysics Data System}
}

@INPROCEEDINGS{SPIROU1,
   author = {{Delfosse}, X. and {Donati}, J.-F. and {Kouach}, D. and {H{\'e}brard}, G. and
    {Doyon}, R. and {Artigau}, E. and {Bouchy}, F. and {Boisse}, I. and
    {Brun}, A.~S. and {Hennebelle}, P. and {Widemann}, T. and {Bouvier}, J. and
    {Bonfils}, X. and {Morin}, J. and {Moutou}, C. and {Pepe}, F. and
    {Udry}, S. and {do Nascimento}, J.-D. and {Alencar}, S.~H.~P. and
    {Castilho}, B.~V. and {Martioli}, E. and {Wang}, S.~Y. and {Figueira}, P. and
    {Santos}, N.~C.},
    title = "{World-leading science with SPIRou - The nIR spectropolarimeter / high-precision velocimeter for CFHT}",
 keywords = {Extrasolar planets, Super-Earths in the habitable zone, Star / planet formation, Stellar magnetic fields, Velocimetry, Spectropolarimetry.},
booktitle = {SF2A-2013: Proceedings of the Annual meeting of the French Society of Astronomy and Astrophysics},
     year = 2013,
archivePrefix = "arXiv",
   eprint = {1310.2991},
 primaryClass = "astro-ph.IM",
   editor = {{Cambresy}, L. and {Martins}, F. and {Nuss}, E. and {Palacios}, A.
    },
    month = nov,
    pages = {497-508},
   adsurl = {http://adsabs.harvard.edu/abs/2013sf2a.conf..497D},
  adsnote = {Provided by the SAO/NASA Astrophysics Data System}
}


@INPROCEEDINGS{SPIROU2,
   author = {{Artigau}, {\'E}. and {Kouach}, D. and {Donati}, J.-F. and {Doyon}, R. and
    {Delfosse}, X. and {Baratchart}, S. and {Lacombe}, M. and {Moutou}, C. and
    {Rabou}, P. and {Par{\`e}s}, L.~P. and {Micheau}, Y. and {Thibault}, S. and
    {Reshetov}, V.~A. and {Dubois}, B. and {Hernandez}, O. and {Vall{\'e}e}, P. and
    {Wang}, S.-Y. and {Dolon}, F. and {Pepe}, F.~A. and {Bouchy}, F. and
    {Striebig}, N. and {H{\'e}nault}, F. and {Loop}, D. and {Saddlemyer}, L. and
    {Barrick}, G. and {Vermeulen}, T. and {Dupieux}, M. and {H{\'e}brard}, G. and
    {Boisse}, I. and {Martioli}, E. and {Alencar}, S.~H.~P. and
    {do Nascimento}, J.-D. and {Figueira}, P.},
    title = "{SPIRou: the near-infrared spectropolarimeter/high-precision velocimeter for the Canada-France-Hawaii telescope}",
booktitle = {Society of Photo-Optical Instrumentation Engineers (SPIE) Conference Series},
     year = 2014,
   series = {Society of Photo-Optical Instrumentation Engineers (SPIE) Conference Series},
   volume = 9147,
archivePrefix = "arXiv",
   eprint = {1406.6992},
 primaryClass = "astro-ph.IM",
    month = jul,
      eid = {914715},
    pages = {15},
      doi = {10.1117/12.2055663},
   adsurl = {http://adsabs.harvard.edu/abs/2014SPIE.9147E..15A},
  adsnote = {Provided by the SAO/NASA Astrophysics Data System}
}

@ARTICLE{Torres2008,
   author = {{Torres}, G. and {Winn}, J.~N. and {Holman}, M.~J.},
    title = "{Improved Parameters for Extrasolar Transiting Planets}",
  journal = {\apj},
archivePrefix = "arXiv",
   eprint = {0801.1841},
 keywords = {Methods: Data Analysis, Stars: Planetary Systems, Stars: Abundances, Stars: Fundamental Parameters, Techniques: Spectroscopic},
     year = 2008,
    month = apr,
   volume = 677,
    pages = {1324-1342},
      doi = {10.1086/529429},
   adsurl = {http://adsabs.harvard.edu/abs/2008ApJ...677.1324T},
  adsnote = {Provided by the SAO/NASA Astrophysics Data System}
}

@ARTICLE{Torres2010,
   author = {{Torres}, G. and {Andersen}, J. and {Gim{\'e}nez}, A.},
    title = "{Accurate masses and radii of normal stars: modern results and applications}",
  journal = {\aapr},
archivePrefix = "arXiv",
   eprint = {0908.2624},
 primaryClass = "astro-ph.SR",
 keywords = {Stars: fundamental parameters, Stars: binaries: eclipsing, Stars: binaries: spectroscopic, Stars: interiors, Stars: evolution},
     year = 2010,
    month = feb,
   volume = 18,
    pages = {67-126},
      doi = {10.1007/s00159-009-0025-1},
   adsurl = {http://adsabs.harvard.edu/abs/2010A%26ARv..18...67T},
  adsnote = {Provided by the SAO/NASA Astrophysics Data System}
}

@ARTICLE{Torres2012,
   author = {{Torres}, G. and {Fischer}, D.~A. and {Sozzetti}, A. and {Buchhave}, L.~A. and
    {Winn}, J.~N. and {Holman}, M.~J. and {Carter}, J.~A.},
    title = "{Improved Spectroscopic Parameters for Transiting Planet Hosts}",
  journal = {\apj},
archivePrefix = "arXiv",
   eprint = {1208.1268},
 primaryClass = "astro-ph.SR",
 keywords = {planetary systems, stars: abundances, stars: fundamental parameters, techniques: spectroscopic},
     year = 2012,
    month = oct,
   volume = 757,
      eid = {161},
    pages = {161},
      doi = {10.1088/0004-637X/757/2/161},
   adsurl = {http://adsabs.harvard.edu/abs/2012ApJ...757..161T},
  adsnote = {Provided by the SAO/NASA Astrophysics Data System}
}

@ARTICLE{Tsantaki2013,
   author = {{Tsantaki}, M. and {Sousa}, S.~G. and {Adibekyan}, V.~Z. and
    {Santos}, N.~C. and {Mortier}, A. and {Israelian}, G.},
    title = "{Deriving precise parameters for cool solar-type stars. Optimizing the iron line list}",
  journal = {\aap},
archivePrefix = "arXiv",
   eprint = {1304.6639},
 primaryClass = "astro-ph.SR",
 keywords = {stars: fundamental parameters, techniques: spectroscopic},
     year = 2013,
    month = jul,
   volume = 555,
      eid = {A150},
    pages = {A150},
      doi = {10.1051/0004-6361/201321103},
   adsurl = {http://adsabs.harvard.edu/abs/2013A%26A...555A.150T},
  adsnote = {Provided by the SAO/NASA Astrophysics Data System}
}

@INPROCEEDINGS{UVES,
   author = {{Dekker}, H. and {D'Odorico}, S. and {Kaufer}, A. and {Delabre}, B. and
    {Kotzlowski}, H.},
    title = "{Design, construction, and performance of UVES, the echelle spectrograph for the UT2 Kueyen Telescope at the ESO Paranal Observatory}",
booktitle = {Optical and IR Telescope Instrumentation and Detectors},
     year = 2000,
   series = {\procspie},
   volume = 4008,
   editor = {{Iye}, M. and {Moorwood}, A.~F.},
    month = aug,
    pages = {534-545},
   adsurl = {http://esoads.eso.org/abs/2000SPIE.4008..534D},
  adsnote = {Provided by the SAO/NASA Astrophysics Data System}
}

@ARTICLE{VALD1,
   author = {{Piskunov}, N.~E. and {Kupka}, F. and {Ryabchikova}, T.~A. and
    {Weiss}, W.~W. and {Jeffery}, C.~S.},
    title = "{VALD: The Vienna Atomic Line Data Base.}",
  journal = {\aaps},
 keywords = {ATOMIC DATA, STARS: ABUNDANCES, ASTRONOMICAL DATA BASES: MISCELLANEOUS},
     year = 1995,
    month = sep,
   volume = 112,
    pages = {525},
   adsurl = {http://adsabs.harvard.edu/abs/1995A%26AS..112..525P},
  adsnote = {Provided by the SAO/NASA Astrophysics Data System}
}

@ARTICLE{VALD2,
   author = {{Kupka}, F.~G. and {Ryabchikova}, T.~A. and {Piskunov}, N.~E. and
    {Stempels}, H.~C. and {Weiss}, W.~W.},
    title = "{VALD-2 -- The New Vienna Atomic Line Database}",
  journal = {Baltic Astronomy},
 keywords = {ATOMIC DATA, METHODS: SPECTROSCOPIC, STARS: ABUNDANCES, STARS: CHEMICALLY PECULIAR},
     year = 2000,
   volume = 9,
    pages = {590-594},
   adsurl = {http://adsabs.harvard.edu/abs/2000BaltA...9..590K},
  adsnote = {Provided by the SAO/NASA Astrophysics Data System}
}

@ARTICLE{Valenti2005,
   author = {{Valenti}, J.~A. and {Fischer}, D.~A.},
    title = "{Spectroscopic Properties of Cool Stars (SPOCS). I. 1040 F, G, and K Dwarfs from Keck, Lick, and AAT Planet Search Programs}",
  journal = {\apjs},
 keywords = {Catalogs, Stars: Abundances, Stars: Fundamental Parameters, Stars: Late-Type, Techniques: Spectroscopic},
     year = 2005,
    month = jul,
   volume = 159,
    pages = {141-166},
      doi = {10.1086/430500},
   adsurl = {http://adsabs.harvard.edu/abs/2005ApJS..159..141V},
  adsnote = {Provided by the SAO/NASA Astrophysics Data System}
}

@ARTICLE{Woolf2006,
    author = {{Woolf}, V.~M. and {Wallerstein}, G.},
    title = "{Calibrating M Dwarf Metallicities Using Molecular Indices}",
    journal = {\pasp},
    eprint = {astro-ph/0510148},
    keywords = {Stars: Abundances, Stars: Late-Type, Stars: Subdwarfs},
    year = 2006,
    month = feb,
    volume = 118,
    pages = {218-226},
    doi = {10.1086/498459},
    adsurl = {http://adsabs.harvard.edu/abs/2006PASP..118..218W},
    adsnote = {Provided by the SAO/NASA Astrophysics Data System}
}
